%%======================OUR BIblio===============================
% ------------- introduccion -----------------

@article{provicion_it,
    author  = {Wang, Bing and Zheng, Yao and Lou, Wenjing and Thomas Hou, Y},
    year    = {2015},
    month   = {03},
    pages   = {},
    title   = {DDoS Attack Protection in the Era of Cloud Computing and Software-Defined Networking},
    volume  = {81},
    journal = {Computer Networks},
    doi     = {10.1016/j.comnet.2015.02.026}
}

@article{autoscaling,
    title   = {AsIDPS: Auto-Scaling Intrusion Detection and Prevention System for Cloud},
    author  = {Junchi Xing and Haifeng Zhou and Jinfan Shen and Kai Zhu and Yansong Wang and Chunming Wu and Wei Ruan},
    journal = {International Conference on Telecommunications (ICT)},
    number  = {25},
    year    = {2018},
    pages   = {207-212}
}

@techreport{sec_report,
    title       = {Worldwide Infrastructure Security Report},
    author      = {Paul Bowen and Philippe Alcoy and C.F. Chui and Steinthor Bjarnason and Kirill Kasavchenko and Gary Sockrider},
    number      = {13th},
    institution = {Netscout Systems, Inc.},
    note        = {},
    month       = {10},
    year        = {2017},
    pages       = {},
    ulr         = {https://pages.arbornetworks.com/rs/082-KNA-087/images/13th_Worldwide_Infrastructure_Security_Report.pdf} 
}

@techreport{opf151,
	title       = {OpenFlow Switch Specification},
    author      = {},
    number      = {ONF TS-025},
    year        = {2015},
    month       = {03},
    institution = {Open Networking Foundation},
    url         = {https://www.opennetworking.org/wp-content/uploads/2014/10/openflow-switch-v1.5.1.pdf}
}

@techreport{def_citrix,
	  title       = {Introducción a Software Defined Networking},
    author      = {},
    number      = {SDN 101},
    year        = {2014},
    month       = {},
    institution = {Citrix Systems, Inc},
    url         = {https://www.citrix.com/content/dam/citrix/en_us/documents/oth/sdn-101-an-introduction-to-software-defined-networking-es.pdf}
}

% ------------------------ Estado del Arte ------------------------
@mastersthesis{estado_arte_1,
  title     = {Evaluación de técnicas de detección de ataques DDoS en un arquitectura SDN con controlador floodlight},
  author    = {Laura V.M. Medina},
  school    = {Universidad de los Andes},
  year      = {2015},
  publisher = {Uniandes}
}

@mastersthesis{estado_arte_2,
  title     = {DDoS Attack Detection in SDN-based VANET Architectures},
  author    = {Martina Todorova and Stamelina Todorova},
  school    = {Aalborg University},
  year      = {2016},
  month     = {06}
}

@article{estado_arte_3,
    author  = {Fang-Yie Leu and I-Long Lin},
    year    = {2010},
    pages   = {41-51},
    title   = {A DoS/DDoS Attack Detection System Using Chi-Square Statistic Approach},
    volume  = {8},
    number  = {Systemics, Cybernetics and Informatics},
    journal = {Computer Networks},
    isbn    = {1690-4524}
}
@article{estado_arte_4,
    author    = {M. Ombase, Prajakta and P. Kulkarni, Nayana and T. Bagade, Sudhir and V. Mhaisgawali, Amrapali},
    year      = {2017},
    month     = {11},
    pages     = {469-475},
    title     = {DoS attack mitigation using rule based and anomaly based techniques in software defined networking},
    journal   = {Proceedings of the International Conference on Inventive Computing and Informatics},
    publisher = {IEEE},
    doi       = {10.1109/ICICI.2017.8365396}
}

@inproceedings{estado_arte_5,
    author    = {Atiku Abubakar and Bernardi Pranggono},
    year      = {2017},
    month     = {09},
    pages     = {138-143},
    title     = {Machine learning based intrusion detection system for software defined networks},
    journal   = {International Conference on Emerging Security Technologies,},
    publisher = {IEEE},
    doi       = {10.1109/EST.2017.8090413}
}

% ---------------------------- marco teorico --------------------------------
@online{onf,
	  title   = {Open Networking Foundation},
    url     = {https://www.opennetworking.org/},
    urldate = {2019-04-30}
}

@book{arch_tradicional,
    author    = {Medhi, Deep and Ramasamy, Karthik},
    title     = {Network Routing, Second Edition: Algorithms, Protocols, and Architectures},
    year      = {2017},
    isbn      = {0128007370, 9780128007372},
    edition   = {2},
    publisher = {Morgan Kaufmann Publishers Inc.},
    address  = {}
}

@book{sdn_simplified,
    title     = {SDN and NFV Simplified: A Visual Guide to Understanding Software Defined Networks and Network Function Virtualization},
    author    = {Jim Doherty},
    publisher = {Addison-Wesley Professional},
    isbn      = {0134306406,9780134306407},
    year      = {2016},
    edition   = {1}
}

@book{sdn_approach,
  author    = {Goransson, Paul and Black, Chuck and Culver, Timothy},
  title     = {Software Defined Networks: A Comprehensive Approach},
  year      = {2016},
  isbn      = {0128045558, 9780128045558},
  edition   = {2},
  publisher = {Morgan Kaufmann Publishers Inc.}
}

@book{sdn_oreilly,
    title     = {SDN: Software Defined Networks},
    author    = {Thomas Nadeau D., Ken Gray},
    publisher = {O'Reilly Media},
    isbn      = {1449342302,9781449342302},
    year      = {2013},
    edition   = {1}
}

% ----------------------------- SDN aplicaciones ------------------------------
@article{voip,
    author    = {Vieira, Paulo and Fiorese, Adriano},
    year      = {2019},
    month     = {03},
    pages     = {834-845},
    title     = {VoIP Traffic Management Using a Software-Defined Networking Approach},
    isbn      = {978-3-319-98284-7},
    doi       = {10.1007/978-3-030-15032-7_70},
    journal   = {Advances in Intelligent Systems and Computing},
    publisher = {Springer, Cham},
    volume    = {926}
}

@article{detect_chi,
    author  = {Leu, Fang-Yie and Pai, Chia-Chi},
    year    = {2010},
    month   = {01},
    pages   = {41-51},
    title   = {Detecting DoS and DDoS Attacks using Chi-Square},
    journal = {Systemics, Cybernetics and Informatics},
    volume  = {8},
    number  = {2},
    doi     = {10.1109/IAS.2009.292}
}

@techreport{new_norm_for_networks,
	title       = {Software-Defined Netwoking: The New Norm for Networks},
	author      = {},
	number      = {},
	Series      = {ONF White Paper},
	institution = {Open Networking Foundation},
	note        = {},
	month       = {04},
	year        = {2012},
	pages       = {},
	ulr         = {https://www.opennetworking.org/images/stories/downloads/sdn-resources/white-papers/wp-sdn-newnorm.pdf} 
}

@mastersthesis{load_bal,
    author = {Padilha, Leonardo},
    year   = {2018},
    month  = {08},
    pages  = {},
    title  = {Analysis of the use of SDN for load balancing},
    school = {University of Sao Paulo}
}

% -- apps de seguridad trad net --
@article{distr_firewall, 
    author  = {Liu Xiaofei}, 
    journal = {Asia-Pacific Conference on Computational Intelligence and Industrial Applications (PACIIA)}, 
    title   = {Analysis and design of distributed firewall system in campus network}, 
    year    = {2009}, 
    volume  = {2}, 
    pages   = {468-471}, 
    doi     = {10.1109/PACIIA.2009.5406555}, 
    month   = {11}
}

@techreport{RFC7149,
    author       = {M. Boucadair and C. Jacquenet},
    title        = {Software-Defined Networking: A Perspective from within a Service Provider Environment},
    howpublished = {Internet Requests for Comments},
    type         = {RFC},
    number       = {7149},
    year         = {2014},
    month        = {03},
    issn         = {2070-1721},
    publisher    = {RFC Editor},
    url          = {http://www.rfc-editor.org/rfc/rfc7149.txt}
}

@article{sdn_universidad,
    author  = {R. Loera and V. Morales Rocha and J. Hernández},
    year    = {2015},
    month   = {12},
    pages   = {48-54},
    title   = {Redes Definidas por Software: beneficios y riesgos de su implementación en Universidades},
    volume  = {2},
    journal = {Congreso Nacional e Internacional ANIEI}
}

@mastersthesis{ubicacion_nids,
    author = {María Isabel Giménez García},
    year   = {2008},
    month  = {},
    title  = {Utilización de Sistemas de Detección de Intrusos como Elemento de Seguridad Perimetral },
    school = {Universidad de Almería}
}


% ------------------ DDOS --
@book{ddos_hh,
   title     = {Hacking the Hacker: Learn From the Experts Who Take Down Hackers},
   author    = {Roger A. Grimes},
   publisher = {Wiley},
   isbn      = {1119396212,9781119396215},
   year      = {2017},
   series    = {},
   edition   = {1},
   volume    = {}
}

@book{art_exploit,
   author    = {Erickson, Jon},
   title     = {Hacking: The Art of Exploitation, 2Nd Edition},
   year      = {2008},
   isbn      = {9781593271442},
   edition   = {Second},
   publisher = {William Pollock}
}

@book{ddos_amir,
   title     = {Theoretical and Experimental Methods for Defending Against DDOS Attacks},
   author    = {Iraj Sadegh Amiri and Mohammad Soltanian},
   publisher = {Syngress-Elsevier},
   isbn      = {0128053917,978-0-12-805391-1,9780128053997,0128053992},
   year      = {2016},
   series    = {},
   edition   = {1},
   volume    = {}
}

@book{ddos_kumar,
   title     = {DDoS attacks: evolution, detection, prevention, reaction, and tolerance},
   author    = {Dhruba Kumar Bhattacharyya and Jugal Kalita},
   publisher = {CRC Press},
   isbn      = {978-1-4987-2965-9,1498729657},
   year      = {2016},
   series    = {},
   edition   = {},
   volume    = {}
}
@online{ddos_flloogind,
	author  = {Cloudflare, Inc.},
	title   = {What is a DDoS Attack?},
	url     = {https://www.cloudflare.com/learning/ddos/what-is-a-ddos-attack/},
	urldate = {2019-05-07}
}

@inproceedings{drdos_kumar,
	author    = {Sanjeev Kumar},
	year      = {2007},
	month     = {07},
	pages     = {},
	title     = {Smurf-based Distributed Denial of Service (DDoS) Attack Amplification in Internet},
	journal   = {Second International Conference on Internet Monitoring and Processing (ICIMP 2007)},
	publisher = {IEEE},
	doi       = {10.1109/ICIMP.2007.42}
}

@online{ddos_andre,
   author  = {Andre Correa},
   title   = {{Malware Patrol} DDoS Reflection and Amplification Attacks},
   year    = 2013,
   url     = {https://www.malwarepatrol.net/ddos-reflection-and-amplification-attacks/},
   urldate = {2019-05-07}
}

@techreport{CISA,
	author      = {},
	title       = {DNS Amplification Attacks},
	Institution = {Cybersecurity and Infraestructure Security Agency},
	url         = {https://www.us-cert.gov/ncas/alerts/TA13-088A},
	month       = {10},
	Year        = {2016}
}

@online{ids_signatures,
	author  = {},
	title   = {IDS Signatures},
	url     = {http://etutorials.org/Networking/Router+firewall+security/Part+VII+Detecting+and+Preventing+Attacks/Chapter+16.+Intrusion-Detection+System/IDS+Signatures/},
	urldate = {2019-05-21}
}

@online{ddos_foster,
   author  = {James C. Foster},
   title   = {{Techtarget} IDS: Signature versus anomaly detection},
   year    = 2005,
   url     = {https://searchsecurity.techtarget.com/tip/IDS-Signature-versus-anomaly-detection},
   urldate = {2019-05-07}
}

@online{ids_vs,
	author  = {Bricata},
	title   = {Layers of Cybersecurity: Signature Detection vs. Network Behavioral Analysis},
	year 	= 2019,
	url     = {https://bricata.com/blog/signature-detection-vs-network-behavior/},
	urldate = {2019-05-21}
}

@book{ids_snort,
   title     = {Managing Security With Snort and IDS Tools},
   author    = {Christopher Gerg and Kerry Cox},
   publisher = {O'Reilly Media},
   isbn      = {9780596006617,0596006616},
   year      = {2004},
   series    = {},
   edition   = {},
   volume    = {}
}

@book{ddos_mirkovic,
   title     = {Internet denial of service : attack and defense mechanisms},
   author    = {Jelena Mirkovic and Sven Dietrich and David Dittrich and Peter Reiher},
   publisher = {Prentice Hall},
   isbn      = {0131475738,9780131475731},
   year      = {2005},
   series    = {Radia Perlman series in computer networking and security},
   edition   = {},
   volume    = {}
}

@book{fwll_springer,
   title =     {Automated Firewall Analytics: Design, Configuration and Optimization},
   author =    {Ehab Al-Shaer},
   publisher = {Springer},
   isbn =      {978-3-319-10370-9,978-3-319-10371-6},
   year =      {2014},
   series =    {},
   edition =   {1},
   volume =    {}
}

@book{ids_toolkit,
   title     = {Snort IDS and IPS Toolkit},
   author    = {Brian Caswell and Jay Beale and Andrew Baker},
   publisher = {Syngress},
   isbn      = {9781597490993,1597490997},
   year      = {2007},
   series    = {Jay Beale's Open Source Security},
   edition   = {},
   volume    = {}
}


% -- ISP --

@book{isp_sun,
     author    = {John V. Nguyen},
     title     = {Designing ISP Architectures},
     year      = {2002},
     isbn      = {0130454966},
     publisher = {Prentice Hall}
}

@book{isp_cisco,
    title     = {Cisco ISP Essentials},
    author    = {B. Greene and  Ph. Smith},
    publisher = {Cisco Press},
    isbn      = {1-57870-0233-X},
    year      = {2002},
    series    = {},
    edition   = {1}
}


% ---------------------------- analisys tech --------------------------------

@online{wp_onos,
	   title   = {ONOS},
	   author  = {Open Networking Foundation},
     url     = {https://www.opennetworking.org/onos/},
     year    = {2019},
     urldate = {2019-05-24}
}



@online{tech_onos,
    title   = {ONOS: The Game Changing SDN Controller?},
	  author  = {},
    url     = {https://github.com/opennetworkinglab/onos/blob/master/README.md},
    year    = {2015},
    month   = {01},
    urldate = {2019-05-24}
}

@misc{git_onos,
	  author       = {ONOS.Lab},
	  title        = {Open Network Operating System },
	  year         = {2018},
	  publisher    = {GitHub},
	  journal      = {GitHub repository},
	  howpublished = {\url{https://github.com/opennetworkinglab/onos}},
	  commit       = {}
}

@online{onos_wiki,
    title   = {Wiki Home},
	  author  = {},
    url     = {https://wiki.onosproject.org/},
    year    = {2019},
    month   = {04},
    urldate = {2019-05-24}
}

@online{onos_arch,
	title   = {ONOS: The Game Changing SDN Controller?},
	author  = {Khurram Shahzad},
	url     = {https://kshahzadblog.wordpress.com/category/sdn-2/},
	year    = {2015},
	month   = {04},
	urldate = {2019-05-24}
}

@misc{cnet_git,
	  author       = {},
	  title        = {Containernet},
	  year         = {2018},
    month        = {04},
	  publisher    = {GitHub},
	  journal      = {},
	  howpublished = {\url{https://github.com/containernet/containernet}},
	  commit       = {}
}

@online{mininet_wiki,
    title   = {Introduction to Mininet},
	  author  = {Bob Lantz and Nikhil Handigol and Brandon Heller and Vimal Jeyakumar},
    url     = {https://github.com/mininet/mininet/wiki/Introduction-to-Mininet#what},
    year    = {2018},
    month   = {11},
    urldate = {2019-05-24}
}

@online{ovs_switch,
	title   = {Open vSwitch},
	author  = {Linux Foundation},
	url     = {https://www.openvswitch.org/},
	year    = {2016},
	month   = {},
	urldate = {2019-05-24}
}

@techreport{rfc7047,
    author       = {B. Pfaff and B. Davie},
    title        = {The Open vSwitch Database Management Protocol},
    howpublished = {Internet Requests for Comments},
    type         = {RFC},
    number       = {7047},
    year         = {2013},
    month        = {December},
    issn         = {2070-1721},
    publisher    = {RFC Editor},
    institution  = {RFC Editor},
    url          = {},
    note         = {}
}

@online{wisc_docker,
    title   = {What is a Container?},
	  author  = {Docker Inc.},
    url     = {https://www.docker.com/resources/what-container},
    year    = {2019},
    urldate = {2019-05-24}
}

@online{dif_docker_vm,
	title   = {Contenedor de software, Docker},
	author  = {Érica Aguado Espósito},
	url     = {https://ericaaguado.es/docker/2017/04/contenedor-de-software-docker/},
	year    = {},
	urldate = {2019-05-24}
}

@online{sniffer,
    title   = {Componentes de la seguridad perimetral en redes},
	  author  = {Salvador Sánchiz},
    url     = {https://blondbyte.blogs.upv.es/2017/10/componentes-de-la-seguridad-perimetral-en-redes/},
    year    = {2017},
    urldate = {2019-05-24}
}


@manual{snort_manual,
	title        = {SNORT Users Manual},
	author       = {M. Roesch and C. Green and Inc., Sourcefire and others}, 
	organization = {The Snort Project},
	address      = {},
	edition      = {2.9.13},
	month        = {},
	year         = {2019},
    url          = {http://manual-snort-org.s3-website-us-east-1.amazonaws.com/},
    urldate      = {2019-05-24},
	note         = {}
}


@book{ids_w_snort,
    title     = {Intrusion Detection with Snort},
    author    = {Jack Koziol},
    publisher = {Smas},
    isbn      = {157870281X},
    year      = {2003},
    edition   = {1}
}

@phdthesis{pos_sec_sis,
    title     = {Detección de intrusiones con Snort},
    author    = {Olga Sánchez Lorente},
    school    = {Universitat Oberta de Catalunya (UOC)},
    year      = {2015},
    month     = {06},
    publisher = {}
}

@misc{ref_kalpesky,
	  author       = {Oleg Kupreev and Ekaterina Badovskaya and Alexander Gutnikov},
	  title        = {DDoS Attacks in Q4 2018},
	  year         = {2019},
    month        = {02},
	  publisher    = {AO Kaspersky Lab},
	  journal      = {},
    number       = {},
	  howpublished = {\url{https://securelist.com/ddos-attacks-in-q4-2018/89565/}},
	  commit       = {}
}

@online{push_ack,
	  title    = {PUSH and ACK Flood},
	  author   = {F5 Networks, Inc.},
	  url      = {https://www.f5.com/services/resources/glossary/push-and-ack-flood},
	  urldate  = {2019-05-24}
}

@online{fin_reset,
	  title   = {RST or FIN Flood},
	  author  = {DDoS-GUARD},
	  url     = {https://ddos-guard.net/en/terminology/attack_type/rst-or-fin-flood},
	  urldate = {2019-05-24}
}

@online{push_urg,
	  title   = {PUSH and ACK Flood},
	  author  = {EOI Inc.},
	  url     = {https://www.f5.com/services/resources/glossary/push-and-ack-flood},
	  urldate = {2019-05-24}
}

@online{hping3,
	title  = {Hping3},
	author = {Salvatore Sanfilippo},
	url    = {http://www.hping.org/},
	urldate  = {2019-05-21}
}

@online{hping3_man,
	title  = {hping3(8) - Linux man page},
	author = {Salvatore Sanfilippo},
	url    = {https://linux.die.net/man/8/hping3},
	urldate  = {2019-05-21}
}

@online{apache_maven,
	title  = {Maven},
	author = {Apache Maven Project},
	url    = {http://maven.apache.org/what-is-maven.html},
	urldate  = {2019-05-21}
}

@misc{java_maven,
	  author       = {Eric Redmond},
	  title        = {The Maven 2 POM demystified: The evolution of a project model},
	  year         = {2006},
    month        = {04},
	  publisher    = {JavaWorld},
	  journal      = {},
    number       = {},
	  howpublished = {\url{https://www.javaworld.com/article/2071772/the-maven-2-pom-demystified.html}},
	  commit       = {}
}

@online{trello,
	title    = {Trello},
	author   = {Atlassian Inc.},
	url      = {https://trello.com/about},
	urldate  = {2019-05-21}
}

@online{prod_trello,
	  author  = {Spri, KzGunea},
	  title   = {Productividad II: Cómo ser más productivo (Trello)},
	  url     = {http://e-forma.kzgunea.eus/course/view.php?id =329},
	  urldate = {2019-05-21}
}

@online{gitlab,
    author  = {GitLab Inc.},
    title   = {A full DevOps toolchain},
    url     = {https://about.gitlab.com/},
    urldate = {2019-07-29}
}

@book{Ing_software,
	author    = {Ian Sommerville},
	title     = {Ingeniería del software},
	year      = {2005},
	isbn      = {},
	edition   = {7},
	publisher = {Pearson Educación S.A.}
}

@online{alerpkt,
	  author  = {Rajiv Chakravorty},
	  title   = {Alertpkt Struct Reference},
	  url     = {http://www.rajivchakravorty.com/source-code/.tmp/snort-html/struct__Alertpkt.html#o0},
	  urldate = {2019-05-21}
}

%#################cap 7 ##############


@online{flask,
	author  = {Armin Ronacher},
	title   = {Flask web development, one drop at a time},
	url     = {http://flask.pocoo.org/},
	urldate = {2019-06-24}
}


@online{bootstrap,
	author  = {Bootstrap team},
	title   = {Bootstrap},
	url     = {https://getbootstrap.com/},
	urldate = {2019-06-24}
}


@online{jinja,
	author  = {Armin Ronacher},
	title   = {Welcome to Jinja2},
	url     = {http://jinja.pocoo.org/docs/2.10/},
	urldate = {2019-06-24}
}

@online{pygal,
	author  = {Florian Mounier},
	title   = {Pygal},
	url     = {http://pygal.org/en/stable/index.html#},
	urldate = {2019-06-24}
}


%#################cap 7 ##############
@article{poisson,
	author  = {Indira Arroyo and Luis C. Bravo and Dr. Ret. Nat. Humberto Llinás and Msc. Fabián L. Muñoz},
	title   = {Distribuciones Poisson y Gamma: Una Discreta y Continua Relación.},
	journal = {Prospect.},
    volume = {12},
    pages  =  {99-107},
	year    = {2014},
	url    = {http://www.scielo.org.co/pdf/prosp/v12n1/v12n1a12.pdf},
	urldate = {2019-05-21}
}

@unpublished{distribucion_exponencial,
    author  = {Bianco, Ana and Martínez, Elena},
    title   = {Variables aleatorias continuas},
    school = {Facultad de Ciencias Exactas y Naturales. Universidad de Buenos Aires.},
    year    = {2004},
    note    = {\url{http://www.dm.uba.ar/materias/probabilidades_estadistica_C/2011/1/PyEC06.pdf}},
    urldate = {2019-05-21}
}


%-------------------------------- Apendice ---------------------------------
@online{linux_namespaces,
	title  = {Linux Namespaces},
	author = {E. King},
	url    = {https://medium.com/@teddyking/linux-namespaces-850489d3ccf},
	urldate  = {2019-05-21}
}

@online{veth,
	title  = {veth (4) - Linux Programmer's Manual},
	author = {},
	url    = {http://man7.org/linux/man-pages/man4/veth.4.html},
	urldate  = {2019-05-21}
}

@online{cgroups,
	title  = {CGROUPS (7) - Linux Programmer's Manual},
	author = {},
	url    = {http://man7.org/linux/man-pages/man7/cgroups.7.html},
	urldate  = {2019-05-21}
}

@online{linux_bridge_1,
	title  = {Bridge},
	author = {The Linux Foundation},
	url    = {https://wiki.linuxfoundation.org/networking/bridge},
	urldate  = {2019-05-21}
}

@online{linux_bridge_2,
	title  = {Network bridge},
	author = {Arch Linux},
	url    = {https://wiki.archlinux.org/index.php/Network_bridge},
	urldate  = {2019-05-21}
}


@online{pasos_instalar_docker,
	title  = {Cómo instalar y usar Docker en Ubuntu 18.04},
	author = {Brian Hogan},
	url    = {https://www.digitalocean.com/community/tutorials/como-instalar-y-usar-docker-en-ubuntu-18-04-1-es},
	urldate  = {2019-07-04}
}

@online{pasos_instalar_docker_compose,
	title  = {How To Install Docker Compose on Ubuntu 18.04},
	author = {Melissa Anderson},
	url    = {https://www.digitalocean.com/community/tutorials/how-to-install-docker-compose-on-ubuntu-18-04},
	urldate  = {2019-07-04}
}

@online{pasos_instalar_OVS,
	title  = {Installing Open vSwitch},
	author = {Linux Foundation},
	url    = {http://docs.openvswitch.org/en/latest/intro/install/},
	urldate  = {2019-07-04}
}